<?xml version="1.0" encoding="UTF-8"?><collection xmlns="http://www.loc.gov/MARC21/slim"><record><leader>00358nam--2200121-i-4500</leader><controlfield tag="001">000005684</controlfield><controlfield tag="002">20161230</controlfield><controlfield tag="005">20161230201026</controlfield><controlfield tag="008">060222s1000------------r-----000-0-eng-d</controlfield><datafield ind1=" " ind2=" " tag="245"><subfield code="a">Punched cards. their applications to science a nd industry. second edition</subfield></datafield><datafield ind1=" " ind2=" " tag="260"><subfield code="a">New York, Reinhold Publ.Corporation, 1958. X + 697 P</subfield></datafield><datafield ind1=" " ind2=" " tag="700"><subfield code="a">Casey, R.S</subfield></datafield><datafield ind1=" " ind2=" " tag="852"><subfield code="a">16985</subfield></datafield></record></collection>